@article{li2015_cac,
  title={Investigation of exotic stable calcium carbides using theory and experiment},
  author={Li, Yan-Ling and Wang, Sheng-Nan and Oganov, Artem R and Gou, Huiyang and Smith, Jesse S and Strobel, Timothy A},
  journal={Nature communications},
  volume={6},
  pages={6974},
  year={2015},
  publisher={Nature Publishing Group}
}
